
%========================================================================================================
%Teaching Philosophies -- Modeling Discourse Management, Complex Instruction, and Think-Pair-Share
%========================================================================================================

@article{Brewe2008,
   author = "Brewe, Eric",
   title = "Modeling theory applied: Modeling Instruction in introductory physics",
   journal = "American Journal of Physics",
   year = "2008",
   volume = "76",
   number = "12", 
   eid = ,
   pages = "1155-1160",
   url = "http://scitation.aip.org/content/aapt/journal/ajp/76/12/10.1119/1.2983148",
   doi = "http://dx.doi.org/10.1119/1.2983148" 
}

@phdthesis{Desbien2002,
title={Modeling discourse management compared to other classroom management styles in university physics},
author={D. M. Desbien},
school={Arizona State University},
year={2002}}

@incollection{Lyman1981,
author={F. T. Lyman},
title={{T}he Responsive Classroom Discussion: {T}he Inclusion of All Students},
booktitle={Mainstreaming Digest},
editor={A. S. Anderson},
publisher={The University of Maryland Press},
address={College Park, MD},
pages={109-113},
year={1981}
}

@book{Cohen1997,
  editor = {Elizabeth G. Cohen and Rachel A. Lotan},
  year = {1997},
  title = {{Working for Equity in Heterogeneous Classrooms: Sociological Theory in Practice}},
  publisher = {Teachers College Press}
}

@book{Dweck2006,
  author = {Carol S. Dweck},
  year = {2006},
  title = {{Mindset: The New Psychology of Success}},
  publisher = {Random House}
}

@book{Papert1991,
  author = {Seymour Papert and Idit Hardel},
  year = {1991},
  title = {{Constructionism}},
  publisher = {Ablex Publishing}
}

@article{hestenes1987,
author = {David Hestenes},
collaboration = {},
title = {Toward a modeling theory of physics instruction},
publisher = {AAPT},
year = {1987},
journal = {American Journal of Physics},
volume = {55},
number = {5},
pages = {440-454},
url = {http://link.aip.org/link/?AJP/55/440/1},
doi = {10.1119/1.15129}
}


%========================================================================================================
%Compass Publications
%========================================================================================================

@INPROCEEDINGS{albana2013,
   author = {{Albanna}, B.~F. and {Corbo}, J.~C. and {Dounas-Frazer}, D.~R. and 
	{Little}, A. and {Zaniewski}, A.~M.},
    title = "{Building classroom and organizational structure around positive cultural values}",
 keywords = {cultural aspects, physics education, Education, Science and society},
booktitle = {American Institute of Physics Conference Series},
     year = 2013,
   series = {American Institute of Physics Conference Series},
   volume = 1513,
archivePrefix = "arXiv",
   eprint = {1207.6848},
 primaryClass = "physics.ed-ph",
   editor = {{Engelhardt}, P.~V. and {Churukian}, A.~D. and {Rebello}, N.~S.
	},
    month = jan,
    pages = {7-10},
      doi = {10.1063/1.4789638},
   adsurl = {http://adsabs.harvard.edu/abs/2013AIPC.1513....7A},
  adsnote = {Provided by the SAO/NASA Astrophysics Data System}
}


@ARTICLE{drdf2013a,
   author = {{Dounas-Frazer}, D.~R. and {Lynn}, J. and {Zaniewski}, A.~M. and 
	{Roth}, N.},
    title = "{Learning About Non-Newtonian Fluids in a Student-Driven Classroom}",
  journal = {The Physics Teacher},
archivePrefix = "arXiv",
   eprint = {1203.2682},
 primaryClass = "physics.ed-ph",
 keywords = {further education, non-Newtonian fluids, physics education, student experiments, viscosity, Demonstration experiments and apparatus, Theory and modeling of viscosity and rheological properties, including computer simulation},
     year = 2013,
    month = jan,
   volume = 51,
    pages = {32-34},
      doi = {10.1119/1.4772035},
   adsurl = {http://adsabs.harvard.edu/abs/2013PhTea..51...32D},
  adsnote = {Provided by the SAO/NASA Astrophysics Data System}
}


@article{drdf2013b,
author = {Dimitri R. Dounas-Frazer and Geoffrey Z. Iwata and Punit R. Gandhi},
collaboration = {},
title = {Uncertainty analysis for a simple thermal expansion experiment},
publisher = {AAPT},
year = {2013},
journal = {American Journal of Physics},
volume = {81},
number = {5},
pages = {338-342},
keywords = {elastic constants; elasticity; metals; physics education; thermal expansion},
url = {http://link.aip.org/link/?AJP/81/338/1},
doi = {10.1119/1.4789875}
}



@ARTICLE{Roth2012,
   author = {{Roth}, N. and {Gandhi}, P. and {Lee}, G. and {Corbo}, J.},
    title = "{The Compass Project: Charting a New Course in Physics Education}",
  journal = {ArXiv e-prints},
archivePrefix = "arXiv",
   eprint = {1211.4893},
 primaryClass = "physics.ed-ph",
 keywords = {Physics - Physics Education},
     year = 2012,
    month = nov,
   adsurl = {http://adsabs.harvard.edu/abs/2012arXiv1211.4893R},
  adsnote = {Provided by the SAO/NASA Astrophysics Data System}
}

%========================================================================================================
%Other PER related 
%========================================================================================================

@techreport{PCAST2012,
  author = {{President's Council of Advisors on Science and Technology}},
  institution = {{Executive Office of the President}},
  year = {2012},
  title = {{Engage to Excel: Producing One Million Addition College Graduates with Degrees in Science, Technology, Engineering, and Mathematics}}
}

%========================================================================================================
%Slinky physics
%========================================================================================================

@ARTICLE{cross2012,
   author = {{Cross}, R.~C. and {Wheatland}, M.~S.},
    title = "{Modeling a falling slinky}",
  journal = {American Journal of Physics},
archivePrefix = "arXiv",
   eprint = {1208.4629},
 primaryClass = "physics.pop-ph",
 keywords = {continuum mechanics, physics education, springs (mechanical), teaching, wave propagation, Continuum mechanics of solids},
     year = 2012,
    month = dec,
   volume = 80,
    pages = {1051-1060},
      doi = {10.1119/1.4750489},
   adsurl = {http://adsabs.harvard.edu/abs/2012AmJPh..80.1051C},
  adsnote = {Provided by the SAO/NASA Astrophysics Data System}
}


@article{newburgh1995,
author = {Ronald Newburgh and George M. Andes},
collaboration = {},
title = {Galileo Redux or, how do nonrigid, extended bodies fall?},
publisher = {AAPT},
year = {1995},
journal = {The Physics Teacher},
volume = {33},
number = {9},
pages = {586-588},
keywords = {CLASSICAL MECHANICS; EQUATIONS OF MOTION; FORCES; GRAVITATIONAL POTENTIAL; SPRINGS},
url = {http://link.aip.org/link/?PTE/33/586/1},
doi = {10.1119/1.2344314}
}


@article{graham2001,
author = {Mark Graham},
collaboration = {},
title = {Analysis of Slinky levitation},
publisher = {AAPT},
year = {2001},
journal = {The Physics Teacher},
volume = {39},
number = {2},
pages = {90-91},
keywords = {design of experiments; harmonic oscillators; mass; gravity; modelling; mathematical analysis; calculation; Slinky; levitation; gravity; motion; center of mass},
url = {http://link.aip.org/link/?PTE/39/90/1},
doi = {10.1119/1.1355166}
}


@article{calkin1993,
author = {M. G. Calkin},
collaboration = {},
title = {Motion of a falling spring},
publisher = {AAPT},
year = {1993},
journal = {American Journal of Physics},
volume = {61},
number = {3},
pages = {261-264},
keywords = {SPRINGS; EQUILIBRIUM; ELASTICITY; WAVE EQUATIONS; GRAVITATIONAL FIELDS; MOTION; TENSION},
url = {http://link.aip.org/link/?AJP/61/261/1},
doi = {10.1119/1.17301}
}


@article{mcgervey1995,
author = {John D. McGervey},
collaboration = {},
title = {Hands-on physics for less than a dollar per hand},
publisher = {AAPT},
year = {1995},
journal = {The Physics Teacher},
volume = {33},
number = {4},
pages = {238-241},
keywords = {CLASSICAL MECHANICS; DEMONSTRATION PROGRAMS; ACCELERATION; MAGNETS; CONSERVATION LAWS; ANGULAR MOMENTUM; ENERGY; RESONANCE},
url = {http://link.aip.org/link/?PTE/33/238/1},
doi = {10.1119/1.2344206}
}


@article{aguirregabiria2007,
  title={Falling elastic bars and springs},
  author={Aguirregabiria, JM and Hern{\'a}ndez, A and Rivas, M},
  journal={American Journal of Physics},
  volume={75},
  pages={583},
  year={2007}
}

@article{unruh2011,
  title={The falling slinky},
  author={Unruh, WG},
  journal={arXiv preprint arXiv:1110.4368},
  year={2011}
}

